@book{thijssen2007computational,
  title={{Computational physics}},
  author={Thijssen, Jos},
  year={2007},
  publisher={Cambridge university press}
}

@article{verlet1967computer,
  title={{Computer "experiments" on classical fluids. I. Thermodynamical properties of Lennard-Jones molecules}},
  author={Verlet, Loup},
  journal={Physical review},
  volume={159},
  number={1},
  pages={98},
  year={1967},
  publisher={APS}
}

@article{triplepoint,
  title={{Comprehensive high-precision high-accuracy equation of state and coexistence properties for classical Lennard-Jones crystals and low-temperature fluid phases}},
  author={Schultz, Andrew J and Kofke, David A},
  journal={The Journal of Chemical Physics},
  volume={149},
  number={20},
  year={2018},
  publisher={AIP Publishing}
}
@article{phasespace,
author = {{Bolmatov, Dima and Zhernenkov, Mikhail and Zav'yalov, Dmitry and Tkachev, Sergey and Cunsolo, Alessandro and Cai, Yong}},
year = {2015},
month = {11},
pages = {},
title = {The Frenkel Line: A direct experimental evidence for the new thermodynamic boundary},
journal = {Scientific Reports},
doi = {10.1038/srep15850}
}