@book{smith2003digital,
  title={{Digital Signal Processing: A Practical Guide for Engineers and Scientists}},
  author={Smith, S.},
  isbn={9780750674447},
  lccn={2003272061},
  series={Demystifying technology series : by engineers, for engineers},
  url={https://books.google.nl/books?id=PCrcintuzAgC},
  year={2003},
  publisher={Elsevier Science}
}

@inproceedings{lam2015numba,
  title={{Numba: A llvm-based python jit compiler}},
  author={Lam, Siu Kwan and Pitrou, Antoine and Seibert, Stanley},
  booktitle={Proceedings of the Second Workshop on the LLVM Compiler Infrastructure in HPC},
  pages={1--6},
  year={2015}
}

@ARTICLE{Ising,
       author = {{Ising}, Ernst},
        title = "{{Beitrag zur Theorie des Ferromagnetismus}}",
      journal = {Zeitschrift fur Physik},
         year = 1925,
        month = feb,
       volume = {31},
       number = {1},
        pages = {253-258},
          doi = {10.1007/BF02980577},
       adsurl = {https://ui.adsabs.harvard.edu/abs/1925ZPhy...31..253I},
      adsnote = {Provided by the SAO/NASA Astrophysics Data System}
}

@ARTICLE{Onsager,
       author = {{Onsager}, Lars},
        title = "{{Crystal Statistics. I. A Two-Dimensional Model with an Order-Disorder Transition}}",
      journal = {Physical Review},
         year = 1944,
        month = feb,
       volume = {65},
       number = {3-4},
        pages = {117-149},
          doi = {10.1103/PhysRev.65.117},
       adsurl = {https://ui.adsabs.harvard.edu/abs/1944PhRv...65..117O},
      adsnote = {Provided by the SAO/NASA Astrophysics Data System}
}

@ARTICLE{Metropolis,
       author = {{Metropolis}, Nicholas and {Rosenbluth}, Arianna W. and {Rosenbluth}, Marshall N. and {Teller}, Augusta H. and {Teller}, Edward},
        title = "{Equation of State Calculations by Fast Computing Machines}",
         year = 1953,
        month = jun,
       volume = {21},
       number = {6},
        pages = {1087-1092},
          doi = {10.1063/1.1699114},
       adsurl = {https://ui.adsabs.harvard.edu/abs/1953JChPh..21.1087M},
      adsnote = {Provided by the SAO/NASA Astrophysics Data System}
}

@article{Hastings,
    author = {Hastings, W. K.},
    title = "{{Monte Carlo sampling methods using Markov chains and their applications}}",
    journal = {Biometrika},
    volume = {57},
    number = {1},
    pages = {97-109},
    year = {1970},
    month = {04},
    abstract = "{A generalization of the sampling method introduced by Metropolis et al. (1953) is presented along with an exposition of the relevant theory, techniques of application and methods and difficulties of assessing the error in Monte Carlo estimates. Examples of the methods, including the generation of random orthogonal matrices and potential applications of the methods to numerical problems arising in statistics, are discussed.}",
    issn = {0006-3444},
    doi = {10.1093/biomet/57.1.97},
    url = {https://doi.org/10.1093/biomet/57.1.97},
    eprint = {https://academic.oup.com/biomet/article-pdf/57/1/97/23940249/57-1-97.pdf},
}




@ARTICLE{magsus,
       author = {{Luis}, F. and {Kuz'min}, M.~D. and {Bartolom{\'e}}, F. and {Orera}, V.~M. and {Bartolom{\'e}}, J. and {Artigas}, M. and {Rub{\'\i}n}, J.},
        title = "{Magnetic susceptibility of NdGaO$_{3}$ at low temperatures: A quasi-two-dimensional Ising behavior}",
      journal = {\prb},
     keywords = {75.10.Hk, 75.30.Et, 75.50.Ee, Classical spin models, Exchange and superexchange interactions, Antiferromagnetics},
         year = 1998,
        month = jul,
       volume = {58},
       number = {2},
        pages = {798-804},
          doi = {10.1103/PhysRevB.58.798},
       adsurl = {https://ui.adsabs.harvard.edu/abs/1998PhRvB..58..798L},
      adsnote = {Provided by the SAO/NASA Astrophysics Data System}
}

